<record><leader>01911nam a2200385 a 4500</leader><controlfield tag="001">6698296</controlfield><controlfield tag="003">OCoLC</controlfield><controlfield tag="005">20141013091401.0</controlfield><controlfield tag="008">140131t20152015ctua     bf   001 0 eng d</controlfield><datafield ind1=" " ind2=" " tag="010"><subfield code="a">  2013952523</subfield></datafield><datafield ind1=" " ind2=" " tag="020"><subfield code="a">1285052676</subfield></datafield><datafield ind1=" " ind2=" " tag="020"><subfield code="a">9781285052670</subfield></datafield><datafield ind1=" " ind2=" " tag="035"><subfield code="a">ocn869556946</subfield></datafield><datafield ind1=" " ind2=" " tag="039"><subfield code="a">exclude</subfield></datafield><datafield ind1=" " ind2=" " tag="040"><subfield code="a">VVX</subfield><subfield code="b">eng</subfield><subfield code="c">VVX</subfield><subfield code="d">YDXCP</subfield><subfield code="d">OCLCO</subfield><subfield code="d">OCLCF</subfield><subfield code="d">AEU</subfield></datafield><datafield ind1="1" ind2="4" tag="050"><subfield code="a">PN1992.75</subfield><subfield code="b">.Z4 2015</subfield></datafield><datafield ind1="0" ind2="4" tag="082"><subfield code="a">791.4502/3</subfield><subfield code="2">23</subfield></datafield><datafield ind1=" " ind2=" " tag="090"><subfield code="a">PN1992.75 .Z4 2015</subfield><subfield code="b">AEGMCT</subfield></datafield><datafield ind1="1" ind2=" " tag="100"><subfield code="a">Zettl, Herbert,</subfield><subfield code="e">author.</subfield></datafield><datafield ind1="1" ind2="0" tag="245"><subfield code="a">Television production handbook /</subfield><subfield code="c">Herbert Zettl (San Francisco State University).</subfield></datafield><datafield ind1=" " ind2=" " tag="250"><subfield code="a">Twelfth edition.</subfield></datafield><datafield ind1=" " ind2="1" tag="264"><subfield code="a">Stamford, CT :</subfield><subfield code="b">Cengage Learning,</subfield><subfield code="c">[2015]</subfield></datafield><datafield ind1=" " ind2="4" tag="264"><subfield code="c">&#169;2015</subfield></datafield><datafield ind1=" " ind2=" " tag="300"><subfield code="a">xxx, 498 pages :</subfield><subfield code="c">color illustrations ;</subfield><subfield code="c">26 cm.</subfield></datafield><datafield ind1=" " ind2=" " tag="336"><subfield code="a">text</subfield><subfield code="2">rdacontent</subfield></datafield><datafield ind1=" " ind2=" " tag="337"><subfield code="a">unmediated</subfield><subfield code="2">rdamedia</subfield></datafield><datafield ind1=" " ind2=" " tag="338"><subfield code="a">volume</subfield><subfield code="2">rdacarrier</subfield></datafield><datafield ind1="1" ind2=" " tag="490"><subfield code="a">Cengage series in broadcast and production</subfield></datafield><datafield ind1=" " ind2=" " tag="504"><subfield code="a">Includes bibliographical references and index.</subfield></datafield><datafield ind1="0" ind2=" " tag="505"><subfield code="a">The television production process -- The producer in preproduction -- The script -- The director in preproduction -- The television camera -- Lenses -- Camera operation and picture composition -- Audio: sound pickup -- Audio: sound control -- Lighting -- Techniques of television lighting -- Video-recording procedures and systems -- Switching, or instantaneous editing -- Design -- Television talent -- The director in production -- Field production and big remotes -- Postproduction editing: how it works -- Editing functions and principles.</subfield></datafield><datafield ind1=" " ind2=" " tag="596"><subfield code="a">29</subfield></datafield><datafield ind1=" " ind2="0" tag="650"><subfield code="a">Television</subfield><subfield code="x">Production and direction</subfield><subfield code="v">Handbooks, manuals, etc.</subfield></datafield><datafield ind1=" " ind2="0" tag="830"><subfield code="a">Cengage series in broadcast and production.</subfield></datafield><datafield ind1=" " ind2=" " tag="949"><subfield code="a">PN1992.75 .Z4 2015</subfield><subfield code="h">GMCT-OS-B</subfield><subfield code="i">1007423567</subfield><subfield code="p">354.67</subfield><subfield code="k">AVAIL_SOON</subfield></datafield><datafield ind1=" " ind2=" " tag="926"><subfield code="a">PN1992.75 .Z4 2015</subfield><subfield code="w">LC</subfield><subfield code="c">1</subfield><subfield code="i">1007423567</subfield><subfield code="d">11/7/2014</subfield><subfield code="l">ON_SHELF</subfield><subfield code="m">GR_MACEWAN</subfield><subfield code="p">$354.67</subfield><subfield code="r">Y</subfield><subfield code="s">Y</subfield><subfield code="t">BOOK</subfield><subfield code="u">10/21/2014</subfield></datafield></record>